<record><leader>00000nas a2200000 i 4500</leader><controlfield tag="001">952483224</controlfield><controlfield tag="006">m     o  d        </controlfield><controlfield tag="007">cr |||||||||||</controlfield><controlfield tag="008">160629c18uu9999tnuwr neo     0   a0eng  </controlfield><datafield ind1=" " ind2=" " tag="010"><subfield code="a">  2016271127</subfield></datafield><datafield ind1=" " ind2=" " tag="040"><subfield code="a">DLC</subfield><subfield code="b">eng</subfield><subfield code="e">rda</subfield><subfield code="c">DLC</subfield></datafield><datafield ind1="0" ind2=" " tag="022"><subfield code="a">2473-2680</subfield><subfield code="2">1</subfield></datafield><datafield ind1=" " ind2=" " tag="042"><subfield code="a">pcc</subfield><subfield code="a">nsdp</subfield></datafield><datafield ind1=" " ind2=" " tag="043"><subfield code="a">n-us-tn</subfield></datafield><datafield ind1="1" ind2="0" tag="050"><subfield code="a">ISSN RECORD</subfield></datafield><datafield ind1="1" ind2="0" tag="082"><subfield code="a">071</subfield><subfield code="2">23</subfield></datafield><datafield ind1="0" ind2=" " tag="130"><subfield code="a">Covington leader (Covington, Tenn.)</subfield></datafield><datafield ind1=" " ind2="4" tag="222"><subfield code="a">The Covington leader</subfield><subfield code="b">(Covington, Tenn. Online)</subfield></datafield><datafield ind1="1" ind2="4" tag="245"><subfield code="a">The Covington leader.</subfield></datafield><datafield ind1="1" ind2=" " tag="246"><subfield code="i">Issues for &lt;Oct. 1889&gt; fair have title:</subfield><subfield code="a">Morning leader</subfield></datafield><datafield ind1=" " ind2="1" tag="264"><subfield code="a">Covington, Tenn. :</subfield><subfield code="b">S. A. Montgomery &amp; J. W SImonton</subfield></datafield><datafield ind1=" " ind2=" " tag="300"><subfield code="a">1 online resource</subfield></datafield><datafield ind1=" " ind2=" " tag="310"><subfield code="a">Weekly</subfield></datafield><datafield ind1=" " ind2=" " tag="336"><subfield code="a">text</subfield><subfield code="b">txt</subfield><subfield code="2">rdacontent</subfield></datafield><datafield ind1=" " ind2=" " tag="337"><subfield code="a">computer</subfield><subfield code="b">c</subfield><subfield code="2">rdamedia</subfield></datafield><datafield ind1=" " ind2=" " tag="338"><subfield code="a">online resource</subfield><subfield code="b">cr</subfield><subfield code="2">rdacarrier</subfield></datafield><datafield ind1=" " ind2=" " tag="500"><subfield code="a">Publisher: Alison Simonton and A. P. Taylor. &lt; January 5-December 20, 1922&gt;.</subfield></datafield><datafield ind1=" " ind2=" " tag="588"><subfield code="a">Description based on: Vol. 7, no. 5 (October 28, 1892); title from masthead (Chroniclingamerica.loc.gov, viewed June 29, 2016).</subfield></datafield><datafield ind1=" " ind2=" " tag="588"><subfield code="a">Latest issue consulted: Vl. 37, no. 9 (December 20, 1922) (Chroniclingamerica.loc.gov, viewed June 29, 2016).</subfield></datafield><datafield ind1=" " ind2="0" tag="651"><subfield code="a">Covington (Tenn.)</subfield><subfield code="v">Newspapers.</subfield></datafield><datafield ind1=" " ind2="0" tag="651"><subfield code="a">Tipton County (Tenn.)</subfield><subfield code="v">Newspapers.</subfield></datafield><datafield ind1=" " ind2="7" tag="651"><subfield code="a">Tennessee</subfield><subfield code="z">Covington.</subfield><subfield code="2">fast</subfield><subfield code="0">(OCoLC)fst01229013</subfield></datafield><datafield ind1=" " ind2="7" tag="651"><subfield code="a">Tennessee</subfield><subfield code="z">Tipton County.</subfield><subfield code="2">fast</subfield><subfield code="0">(OCoLC)fst01228856</subfield></datafield><datafield ind1=" " ind2="7" tag="655"><subfield code="a">Newspapers.</subfield><subfield code="2">fast</subfield><subfield code="0">(OCoLC)fst01423814</subfield></datafield><datafield ind1=" " ind2=" " tag="752"><subfield code="a">United States</subfield><subfield code="b">Tennessee</subfield><subfield code="c">Tipton</subfield><subfield code="d">Covington.</subfield></datafield><datafield ind1="0" ind2="8" tag="776"><subfield code="i">Originally issued in print:</subfield><subfield code="t">Covington leader (Covington, Tenn.)</subfield><subfield code="x">2473-2672</subfield><subfield code="w">(DLC)sn 89058364</subfield><subfield code="w">(OCoLC)19249780</subfield></datafield><datafield ind1="0" ind2="5" tag="780"><subfield code="t">Tipton record</subfield><subfield code="g">July 5, 1917</subfield></datafield><datafield ind1="4" ind2="0" tag="856"><subfield code="u">http://www.loc.gov/chroniclingamerica/lccn/sn89058364/issues</subfield></datafield></record>